<?xml version="1.0" encoding="UTF-8"?><collection xmlns="http://www.loc.gov/MARC21/slim"><record><leader>00432nam--2200133-i-4500</leader><controlfield tag="001">000016196</controlfield><controlfield tag="002">20161230</controlfield><controlfield tag="005">20161230201031</controlfield><controlfield tag="008">060222s1000------------r-----000-0-eng-d</controlfield><datafield ind1=" " ind2=" " tag="100"><subfield code="a">Costa Lima, Maria Teresa</subfield></datafield><datafield ind1=" " ind2=" " tag="245"><subfield code="a">Structure de bandes du si et de quelques oxides par spectroscopie x. mise en evidence d effets secondaires. these</subfield></datafield><datafield ind1=" " ind2=" " tag="260"><subfield code="a">Paris, Universite Pierre Et Marie Curie, 1976</subfield></datafield><datafield ind1=" " ind2=" " tag="490"><subfield code="a">130p</subfield></datafield><datafield ind1=" " ind2=" " tag="852"><subfield code="a">543.426(043)</subfield></datafield></record></collection>